---
---

@article{munafo2017manifesto,
  title={A manifesto for reproducible science},
  author={Munaf{\`o}, Marcus R and Nosek, Brian A and Bishop, Dorothy VM and Button, Katherine S and Chambers, Christopher D and Percie du Sert, Nathalie and Simonsohn, Uri and Wagenmakers, Eric-Jan and Ware, Jennifer J and Ioannidis, John PA},
  journal={Nature human behaviour},
  volume={1},
  number={1},
  pages={0021},
  year={2017},
  publisher={Nature Publishing Group UK London}
}

@article{gorgolewski2016practical,
  title={A practical guide for improving transparency and reproducibility in neuroimaging research},
  author={Gorgolewski, Krzysztof J and Poldrack, Russell A},
  journal={PLoS biology},
  volume={14},
  number={7},
  pages={e1002506},
  year={2016},
  publisher={Public Library of Science San Francisco, CA USA}
}

@article{botvinik2023reproducibility,
  title={Reproducibility in neuroimaging analysis: challenges and solutions},
  author={Botvinik-Nezer, Rotem and Wager, Tor D},
  journal={Biological Psychiatry: Cognitive Neuroscience and Neuroimaging},
  volume={8},
  number={8},
  pages={780--788},
  year={2023},
  publisher={Elsevier}
}

@article{niso2022open,
  title={Open and reproducible neuroimaging: from study inception to publication},
  author={Niso, Guiomar and Botvinik-Nezer, Rotem and Appelhoff, Stefan and De La Vega, Alejandro and Esteban, Oscar and Etzel, Joset A and Finc, Karolina and Ganz, Melanie and Gau, R{\'e}mi and Halchenko, Yaroslav O and others},
  journal={NeuroImage},
  volume={263},
  pages={119623},
  year={2022},
  publisher={Elsevier}
}

@article{wilson2017good,
  title={Good enough practices in scientific computing},
  author={Wilson, Greg and Bryan, Jennifer and Cranston, Karen and Kitzes, Justin and Nederbragt, Lex and Teal, Tracy K},
  journal={PLoS computational biology},
  volume={13},
  number={6},
  pages={e1005510},
  year={2017},
  publisher={Public Library of Science San Francisco, CA USA}
}

@article{petri2014homological,
  title={Homological scaffolds of brain functional networks},
  author={Petri, Giovanni and Expert, Paul and Turkheimer, Federico and Carhart-Harris, Robin and Nutt, David and Hellyer, Peter J and Vaccarino, Francesco},
  journal={Journal of The Royal Society Interface},
  volume={11},
  number={101},
  pages={20140873},
  year={2014},
  publisher={The Royal Society}
}

@article{bolt2025autonomic,
  title={Autonomic physiological coupling of the global fMRI signal},
  author={Bolt, Taylor and Wang, Shiyu and Nomi, Jason S and Setton, Roni and Gold, Benjamin P and Yeo, BT and Chen, J Jean and Picchioni, Dante and Duyn, Jeff H and Spreng, R Nathan and others},
  journal={Nature Neuroscience},
  pages={1--9},
  year={2025},
  publisher={Nature Publishing Group}
}

@article{huntenburg2018large,
  title={Large-scale gradients in human cortical organization},
  author={Huntenburg, Julia M and Bazin, Pierre-Louis and Margulies, Daniel S},
  journal={Trends in cognitive sciences},
  volume={22},
  number={1},
  pages={21--31},
  year={2018},
  publisher={Elsevier}
}

@article{margulies2016situating,
  title={Situating the default-mode network along a principal gradient of macroscale cortical organization},
  author={Margulies, Daniel S and Ghosh, Satrajit S and Goulas, Alexandros and Falkiewicz, Marcel and Huntenburg, Julia M and Langs, Georg and Bezgin, Gleb and Eickhoff, Simon B and Castellanos, F Xavier and Petrides, Michael and others},
  journal={Proceedings of the National Academy of Sciences},
  volume={113},
  number={44},
  pages={12574--12579},
  year={2016},
  publisher={National Academy of Sciences}
}

@article{mcgrath2022high,
  title={High-resolution cortical parcellation based on conserved brain landmarks for localization of multimodal data to the nearest centimeter},
  author={McGrath, Hari and Zaveri, Hitten P and Collins, Evan and Jafar, Tamara and Chishti, Omar and Obaid, Sami and Ksendzovsky, Alexander and Wu, Kun and Papademetris, Xenophon and Spencer, Dennis D},
  journal={Scientific reports},
  volume={12},
  number={1},
  pages={18778},
  year={2022},
  publisher={Nature Publishing Group UK London}
}

@article{cox2016ageing,
  title={Ageing and brain white matter structure in 3,513 UK Biobank participants},
  author={Cox, Simon R and Ritchie, Stuart J and Tucker-Drob, Elliot M and Liewald, David C and Hagenaars, Saskia P and Davies, Gail and Wardlaw, Joanna M and Gale, Catharine R and Bastin, Mark E and Deary, Ian J},
  journal={Nature communications},
  volume={7},
  number={1},
  pages={13629},
  year={2016},
  publisher={Nature Publishing Group UK London}
}

@article{klauser2021white,
  title={White matter alterations between brain network hubs underlie processing speed impairment in patients with schizophrenia},
  author={Klauser, Paul and Cropley, Vanessa L and Baumann, Philipp S and Lv, Jinglei and Steullet, Pascal and Dwir, Daniella and Alem{\'a}n-G{\'o}mez, Yasser and Bach Cuadra, Meritxell and Cuenod, Michel and Do, Kim Q and others},
  journal={Schizophrenia Bulletin Open},
  volume={2},
  number={1},
  pages={sgab033},
  year={2021},
  publisher={Oxford University Press US}
}

@article{zamani2022local,
  title={Local structure-function relationships in human brain networks across the lifespan},
  author={Zamani Esfahlani, Farnaz and Faskowitz, Joshua and Slack, Jonah and Mi{\v{s}}i{\'c}, Bratislav and Betzel, Richard F},
  journal={Nature communications},
  volume={13},
  number={1},
  pages={2053},
  year={2022},
  publisher={Nature Publishing Group UK London}
}

@article{seguin2023brain,
  title={Brain network communication: concepts, models and applications},
  author={Seguin, Caio and Sporns, Olaf and Zalesky, Andrew},
  journal={Nature reviews neuroscience},
  volume={24},
  number={9},
  pages={557--574},
  year={2023},
  publisher={Nature Publishing Group UK London}
}

@article{chopra2023practical,
  title={A practical guide for generating reproducible and programmatic neuroimaging visualizations},
  author={Chopra, Sidhant and Labache, Lo{\"\i}c and Dhamala, Elvisha and Orchard, Edwina R and Holmes, Avram},
  journal={Aperture Neuro},
  volume={3},
  pages={1--20},
  year={2023},
  publisher={Organization for Human Brain Mapping}
}

@article{pernet2019data,
  title={Data visualization for inference in tomographic brain imaging},
  author={Pernet, Cyril R and Madan, Christopher R},
  journal={European Journal of Neuroscience},
  year={2019},
  publisher={Wiley-Blackwell}
}

@article{rorden2025mricro,
  title={From MRIcro to MRIcron: The evolution of neuroimaging visualization tools},
  author={Rorden, Christopher},
  journal={Neuropsychologia},
  pages={109067},
  year={2025},
  publisher={Pergamon}
}

@incollection{chamberland2025tractography,
  title={Tractography visualization},
  author={Chamberland, Maxime and Poirier, Charles and Hendriks, Tom and Shastin, Dmitri and Vilanova, Anna and Leemans, Alexander},
  booktitle={Handbook of Diffusion MR Tractography},
  pages={381--393},
  year={2025},
  publisher={Elsevier}
}

@article{mansour2021high,
  title={High-resolution connectomic fingerprints: Mapping neural identity and behavior},
  author={Mansour, Sina and Tian, Ye and Yeo, BT Thomas and Cropley, Vanessa and Zalesky, Andrew and others},
  journal={NeuroImage},
  volume={229},
  pages={117695},
  year={2021},
  publisher={Elsevier}
}

@article{glasser2016multi,
  title={A multi-modal parcellation of human cerebral cortex},
  author={Glasser, Matthew F and Coalson, Timothy S and Robinson, Emma C and Hacker, Carl D and Harwell, John and Yacoub, Essa and Ugurbil, Kamil and Andersson, Jesper and Beckmann, Christian F and Jenkinson, Mark and others},
  journal={Nature},
  volume={536},
  number={7615},
  pages={171--178},
  year={2016},
  publisher={Nature Publishing Group}
}

@article{glasser2013minimal,
  title={The minimal preprocessing pipelines for the Human Connectome Project},
  author={Glasser, Matthew F and Sotiropoulos, Stamatios N and Wilson, J Anthony and Coalson, Timothy S and Fischl, Bruce and Andersson, Jesper L and Xu, Junqian and Jbabdi, Saad and Webster, Matthew and Polimeni, Jonathan R and others},
  journal={Neuroimage},
  volume={80},
  pages={105--124},
  year={2013},
  publisher={Elsevier}
}

@article{van2012human,
  title={The Human Connectome Project: a data acquisition perspective},
  author={Van Essen, David C and Ugurbil, Kamil and Auerbach, Edward and Barch, Deanna and Behrens, Timothy EJ and Bucholz, Richard and Chang, Acer and Chen, Liyong and Corbetta, Maurizio and Curtiss, Sandra W and others},
  journal={Neuroimage},
  volume={62},
  number={4},
  pages={2222--2231},
  year={2012},
  publisher={Elsevier}
}

@article{marcus2013human,
  title={Human Connectome Project informatics: quality control, database services, and data visualization},
  author={Marcus, Daniel S and Harms, Michael P and Snyder, Abraham Z and Jenkinson, Mark and Wilson, J Anthony and Glasser, Matthew F and Barch, Deanna M and Archie, Kevin A and Burgess, Gregory C and Ramaratnam, Mohana and others},
  journal={Neuroimage},
  volume={80},
  pages={202--219},
  year={2013},
  publisher={Elsevier}
}

@article{zhang2018anatomically,
  title={An anatomically curated fiber clustering white matter atlas for consistent white matter tract parcellation across the lifespan},
  author={Zhang, Fan and Wu, Ye and Norton, Isaiah and Rigolo, Laura and Rathi, Yogesh and Makris, Nikos and O'Donnell, Lauren J},
  journal={Neuroimage},
  volume={179},
  pages={429--447},
  year={2018},
  publisher={Elsevier}
}

@article{tian2020topographic,
  title={Topographic organization of the human subcortex unveiled with functional connectivity gradients},
  author={Tian, Ye and Margulies, Daniel S and Breakspear, Michael and Zalesky, Andrew},
  journal={Nature neuroscience},
  volume={23},
  number={11},
  pages={1421--1432},
  year={2020},
  publisher={Nature Publishing Group US New York}
}
